@article{Larson,
    title = {Numerical Calculations of the Dynamics of a COllapsing Proto-Star*},
    author = {Richard B. Larson},
    year = 1969
}
@article{RadHy,
  title     = {Radiation Hydrodynamics},
  author    = {Dimitri Mihhalas, Barbara Weibel-Mihalas},
  publisher = {Oxford University Press},
  year      = 1984
}
@article{Saha,
  title  = {Sahaâ€™s Equation and the Partition Function},
  author = {Robert Gilmore},
  year   = 2009
}
